@book{corebook_en,
author={Maggi, Marco and Nepitello, Francesco and Colovini, Leonardo},
title={Core Rulebook},
series={Lex Arcana},
isbn={978-88-944797-3-7},
year={2019},
}

@book{encyclopaedia_en,
author={Garello, Francesca},
title={Encyclopaedia Arcana},
series={Lex Arcana},
isbn={978-88-944797-4-4},
year={2019},
}

@book{britannia_en,
author={Garello, Francesca},
title={Britannia -- Of Mists, Spectres, and Sorceries},
series={Lex Arcana},
isbn={978-88-944796},
year={2023},
}

@book{dacia_tracia_en,
author={Longo, Mauro},
title={Dacia and Thracia -- Storm at the Empire's Border},
series={Lex Arcana},
isbn={978-88-32198966},
year={2021},
}

@book{italia_it,
author={Garello, Francesca and Angiolino, Andrea},
title={Italia -- Tra Occulte Trame e Antichi Sortilegi},
isbn={},
year={2021},
}

